@BOOK{Martin2008a,
  title = {Clean Code: A Handbook of Agile Software Craftsmanship (Robert C.
	Martin Series)},
  publisher = {Prentice Hall PTR},
  year = {2008a},
  author = {Robert C. Martin},
  isbn = {0-132-35088-2},
  address = {Boston},
  edition = {1},
  month = {August},
  howpublished = {Paperback},
  owner = {Stefan},
  timestamp = {2009-05-22},
  url = {http://www.amazon.de/o/ASIN/0132350882}
}

@BOOK{Martin2008b,
  title = {Clean Code: A Handbook of Agile Software Craftsmanship (Robert C.
	Martin Series)},
  publisher = {Prentice Hall PTR},
  year = {2008b},
  author = {Robert C. Martin},
  isbn = {0-132-35088-2},
  address = {Boston},
  edition = {1},
  month = {August},
  howpublished = {Paperback},
  owner = {Stefan},
  timestamp = {2009-05-22},
  url = {http://www.amazon.de/o/ASIN/0132350882}
}

@BOOK{Goodliffe2007,
  title = {Code Craft: The Practice of Writing Excellent Code},
  publisher = {No Starch Press},
  year = {2007},
  author = {Pete Goodliffe},
  isbn = {1-59327-119-0},
  owner = {Stefan},
  price = {$44.95},
  timestamp = {2008.12.20},
  totalpages = {624},
  url = {http://amazon.com/o/ASIN/1593271190}
}